@inproceedings{garay2015bitcoin,
  title={The bitcoin backbone protocol: Analysis and applications},
  author={Garay, Juan and Kiayias, Aggelos and Leonardos, Nikos},
  booktitle={Advances in Cryptology-EUROCRYPT 2015: 34th Annual International Conference on the Theory and Applications of Cryptographic Techniques, Sofia, Bulgaria, April 26-30, 2015, Proceedings, Part II},
  pages={281--310},
  year={2015},
  organization={Springer}
}
@inproceedings{carlsten2016instability,
  title={On the instability of bitcoin without the block reward},
  author={Carlsten, Miles and Kalodner, Harry and Weinberg, S Matthew and Narayanan, Arvind},
  booktitle={Proceedings of the 2016 acm sigsac conference on computer and communications security},
  pages={154--167},
  year={2016}
}
@inproceedings{liao2017incentivizing,
  title={Incentivizing blockchain forks via whale transactions},
  author={Liao, Kevin and Katz, Jonathan},
  booktitle={Financial Cryptography and Data Security: FC 2017 International Workshops, WAHC, BITCOIN, VOTING, WTSC, and TA, Sliema, Malta, April 7, 2017, Revised Selected Papers 21},
  pages={264--279},
  year={2017},
  organization={Springer}
}
@inproceedings{judmayer2021sok,
  title={Sok: Algorithmic incentive manipulation attacks on permissionless pow cryptocurrencies},
  author={Judmayer, Aljosha and Stifter, Nicholas and Zamyatin, Alexei and Tsabary, Itay and Eyal, Ittay and Ga{\v{z}}i, Peter and Meiklejohn, Sarah and Weippl, Edgar},
  booktitle={Financial Cryptography and Data Security. FC 2021 International Workshops: CoDecFin, DeFi, VOTING, and WTSC, Virtual Event, March 5, 2021, Revised Selected Papers 25},
  pages={507--532},
  year={2021},
  organization={Springer}
}
@inproceedings{luu2015demystifying,
  title={Demystifying incentives in the consensus computer},
  author={Luu, Loi and Teutsch, Jason and Kulkarni, Raghav and Saxena, Prateek},
  booktitle={Proceedings of the 22Nd acm sigsac conference on computer and communications security},
  pages={706--719},
  year={2015}
}
@inproceedings{eskandari2020sok,
  title={Sok: Transparent dishonesty: front-running attacks on blockchain},
  author={Eskandari, Shayan and Moosavi, Seyedehmahsa and Clark, Jeremy},
  booktitle={Financial Cryptography and Data Security: FC 2019 International Workshops, VOTING and WTSC, St. Kitts, St. Kitts and Nevis, February 18--22, 2019, Revised Selected Papers 23},
  pages={170--189},
  year={2020},
  organization={Springer}
}
@misc{BitcoinSPV,
  title = {Some Miners Generating Invalid Blocks},
  howpublished = {\url{https://bitcoin.org/en/alert/2015-07-04-spv-mining}},
  note = {Accessed: 2023-01-30}
}
@misc{UtxoOhUh,
  title = {UTXO uh-ohâ€¦},
  howpublished = {\url{http://gavinandresen.ninja/utxo-uhoh}},
  note = {Accessed: 2023-01-30}
}
@inproceedings{reyzin2017improving,
  title={Improving authenticated dynamic dictionaries, with applications to cryptocurrencies},
  author={Reyzin, Leonid and Meshkov, Dmitry and Chepurnoy, Alexander and Ivanov, Sasha},
  booktitle={Financial Cryptography and Data Security: 21st International Conference, FC 2017, Sliema, Malta, April 3-7, 2017, Revised Selected Papers 21},
  pages={376--392},
  year={2017},
  organization={Springer}
}
@inproceedings{duong2018multi,
  title={Multi-mode cryptocurrency systems},
  author={Duong, Tuyet and Chepurnoy, Alexander and Zhou, Hong-Sheng},
  booktitle={Proceedings of the 2nd ACM Workshop on Blockchains, Cryptocurrencies, and Contracts},
  pages={35--46},
  year={2018}
}
@inproceedings{kiayias2021mining,
  title={Mining in logarithmic space},
  author={Kiayias, Aggelos and Leonardos, Nikos and Zindros, Dionysis},
  booktitle={Proceedings of the 2021 ACM SIGSAC Conference on Computer and Communications Security},
  pages={3487--3501},
  year={2021}
}
@inproceedings{kiayias2020non,
  title={Non-interactive proofs of proof-of-work},
  author={Kiayias, Aggelos and Miller, Andrew and Zindros, Dionysis},
  booktitle={Financial Cryptography and Data Security: 24th International Conference, FC 2020, Kota Kinabalu, Malaysia, February 10--14, 2020 Revised Selected Papers 24},
  pages={505--522},
  year={2020},
  organization={Springer}
}
